% Encoding: UTF-8

@Article{Bal2017,
  author       = {Bal, Erkan and Bicen, Huseyin},
  title        = {The purpose of students’ social media use and determining their perspectives on education},
  issn         = {1877-0509},
  pages        = {177--181},
  volume       = {120},
  date         = {2017},
  doi          = {10.1016/j.procs.2017.11.226},
  file         = {:The purpose of students'  social media use and determining their perspectives on education.pdf:PDF},
  journaltitle = {Procedia Computer Science},
  publisher    = {Elsevier BV},
}

@Article{M.Talaue2018,
  author       = {M. Talaue, Gilbert and AlSaad, Ali and AlRushaidan, Naif and AlHugail, Alwaleed and AlFahhad, Saad},
  title        = {The Impact of Social Media on Academic Performance of Selected College Students},
  issn         = {2231-1548},
  number       = {4/5},
  pages        = {27--35},
  volume       = {8},
  date         = {2018-10},
  doi          = {10.5121/ijait.2018.8503},
  file         = {:The_Impact_of_Social_Media_on_the_Academ.pdf:PDF},
  journaltitle = {International Journal of Advanced Information Technology},
  publisher    = {Academy and Industry Research Collaboration Center (AIRCC)},
}

@Article{Weizenbaum1966,
  author       = {Weizenbaum, Joseph},
  title        = {ELIZA—a computer program for the study of natural language communication between man and machine},
  issn         = {1557-7317},
  number       = {1},
  pages        = {36--45},
  volume       = {9},
  date         = {1966-01},
  doi          = {10.1145/365153.365168},
  file         = {:eliza.pdf:PDF},
  journaltitle = {Communications of the ACM},
  publisher    = {Association for Computing Machinery (ACM)},
}

@Article{AbuShawar2007,
  author       = {Abu Shawar, Bayan and Atwell, Eric},
  title        = {Chatbots: Are they Really Useful?},
  issn         = {2190-6858},
  number       = {1},
  pages        = {29--49},
  volume       = {22},
  date         = {2007-07},
  doi          = {10.21248/jlcl.22.2007.88},
  file         = {:Chatbots - Are they Really Useful.pdf:PDF},
  journaltitle = {Journal for Language Technology and Computational Linguistics},
  publisher    = {University Library J. C. Senckenberg},
}

@InBook{Dibitonto2018,
  author    = {Dibitonto, Massimiliano and Leszczynska, Katarzyna and Tazzi, Federica and Medaglia, Carlo M.},
  pages     = {103--116},
  publisher = {Springer International Publishing},
  title     = {Chatbot in a Campus Environment: Design of LiSA, a Virtual Assistant to Help Students in Their University Life},
  isbn      = {9783319912509},
  booktitle = {Human-Computer Interaction. Interaction Technologies},
  date      = {2018},
  doi       = {10.1007/978-3-319-91250-9_9},
  file      = {:Chatbot in a Campus Environment Design.pdf:PDF},
  issn      = {1611-3349},
}

@InBook{Zohuri2022,
  author    = {Zohuri, Bahman and McDaniel, Patrick},
  pages     = {317--334},
  publisher = {Elsevier},
  title     = {Artificial intelligence driven by machine learning \& deep learning},
  isbn      = {9780323954167},
  booktitle = {Transcranial Magnetic and Electrical Brain Stimulation for Neurological Disorders},
  date      = {2022},
  doi       = {10.1016/b978-0-323-95416-7.00011-0},
  file      = {:Artificial Intelligence driven by machine learning and deep learning.pdf:PDF},
}

@Misc{Naveed2023,
  author    = {Naveed, Humza and Khan, Asad Ullah and Qiu, Shi and Saqib, Muhammad and Anwar, Saeed and Usman, Muhammad and Akhtar, Naveed and Barnes, Nick and Mian, Ajmal},
  title     = {A Comprehensive Overview of Large Language Models},
  copyright = {Creative Commons Attribution 4.0 International},
  date      = {2023},
  doi       = {10.48550/ARXIV.2307.06435},
  file      = {:A Comprehensive Overview of Large Language Models.pdf:PDF},
  keywords  = {Computation and Language (cs.CL), FOS: Computer and information sciences, FOS: Computer and information sciences},
  publisher = {arXiv},
}

@Online{Fourrier2024,
  author = {Fourrier, Clementine and Habib, Nathan and Lozovskaya, Alina and Szafer, Konrad and Wolf, Thomas},
  date   = {2024},
  editor = {{Hugging Face}},
  title  = {Open LLM Leaderboard v2},
  url    = {https://huggingface.co/spaces/open-llm-leaderboard/open_llm_leaderboard},
}

@Online{Chiang2023,
  author = {Chiang, WeiLin and Li, Zhuohan and Lin, Zi and Sheng, Ying and Wu, Zhanghao and Zhang, Hao and Zheng, Lianmin and Zhuang, Siyuan and Zhuang, Yonghao and Gonzalez, Joseph E. and Stoica, Ion and Xing, Eric P.},
  date   = {2023-03-30},
  editor = {{LMSYS Org}},
  title  = {Vicuna: An Open-Source Chatbot Impressing GPT-4 with 90\% ChatGPT Quality},
  url    = {https://lmsys.org/blog/2023-03-30-vicuna/},
}

@Misc{Rababah2024,
  author    = {Rababah, Baha and Shang, and {Wu} and Kwiatkowski, Matthew and Leung, Carson and Akcora, Cuneyt Gurcan},
  date      = {2024},
  title     = {SoK: Prompt Hacking of Large Language Models},
  doi       = {10.48550/ARXIV.2410.13901},
  copyright = {Creative Commons Attribution 4.0 International},
  file      = {:Prompt Hacking of LLM.pdf:PDF},
  keywords  = {Cryptography and Security (cs.CR), Artificial Intelligence (cs.AI), Computation and Language (cs.CL), Emerging Technologies (cs.ET), FOS: Computer and information sciences, FOS: Computer and information sciences},
  publisher = {arXiv},
}

@Misc{Lewis2020,
  author    = {Lewis, Patrick and Perez, Ethan and Piktus, Aleksandra and Petroni, Fabio and Karpukhin, Vladimir and Goyal, Naman and Küttler, Heinrich and Lewis, Mike and Yih, Wen-tau and Rocktäschel, Tim and Riedel, Sebastian and Kiela, Douwe},
  date      = {2020},
  title     = {Retrieval-Augmented Generation for Knowledge-Intensive NLP Tasks},
  doi       = {10.48550/ARXIV.2005.11401},
  copyright = {arXiv.org perpetual, non-exclusive license},
  file      = {:RAG for Knowledge-Intensive NLP Tasks.pdf:PDF},
  keywords  = {Computation and Language (cs.CL), Machine Learning (cs.LG), FOS: Computer and information sciences, FOS: Computer and information sciences},
  publisher = {arXiv},
}

@Misc{Gao2023,
  author    = {Gao, Yunfan and Xiong, Yun and Gao, Xinyu and Jia, Kangxiang and Pan, Jinliu and Bi, Yuxi and Dai, Yi and Sun, Jiawei and Wang, Meng and Wang, Haofen},
  date      = {2023},
  title     = {Retrieval-Augmented Generation for Large Language Models: A Survey},
  doi       = {10.48550/ARXIV.2312.10997},
  copyright = {arXiv.org perpetual, non-exclusive license},
  file      = {:RAG For LLM - A Survey.pdf:PDF},
  keywords  = {Computation and Language (cs.CL), Artificial Intelligence (cs.AI), FOS: Computer and information sciences, FOS: Computer and information sciences},
  publisher = {arXiv},
}

@Article{Dell’Acqua2023,
  author       = {Dell’Acqua, Fabrizio and McFowland, Edward and Mollick, Ethan R. and Lifshitz-Assaf, Hila and Kellogg, Katherine and Rajendran, Saran and Krayer, Lisa and Candelon, François and Lakhani, Karim R.},
  date         = {2023},
  journaltitle = {SSRN Electronic Journal},
  title        = {Navigating the Jagged Technological Frontier: Field Experimental Evidence of the Effects of AI on Knowledge Worker Productivity and Quality},
  doi          = {10.2139/ssrn.4573321},
  issn         = {1556-5068},
  file         = {:Navigating the Jagged Technology Frontier.pdf:PDF},
  publisher    = {Elsevier BV},
}

@Misc{Wang2024,
  author    = {Wang, Kevin and Ramos, Jason and Lawrence, Ramon},
  date      = {2024},
  title     = {ChatEd: A Chatbot Leveraging ChatGPT for an Enhanced Learning Experience in Higher Education},
  doi       = {10.48550/ARXIV.2401.00052},
  copyright = {Creative Commons Attribution 4.0 International},
  file      = {:ChatEd - A Chatbot Leveraging ChatGPT for an Enhanced Learning Experience in Higher Education.pdf:PDF},
  keywords  = {Computers and Society (cs.CY), Computation and Language (cs.CL), FOS: Computer and information sciences, FOS: Computer and information sciences},
  publisher = {arXiv},
}

@Article{Azam2024,
  author       = {Azam, Ayesha and Naz, Zubaira and Khan, Muhammad Usman Ghani},
  date         = {2024-11},
  journaltitle = {Human-Centric Intelligent Systems},
  title        = {PharmaLLM: A Medicine Prescriber Chatbot Exploiting Open-Source Large Language Models},
  doi          = {10.1007/s44230-024-00085-z},
  issn         = {2667-1336},
  file         = {:PharmaLLM A Medicine Prescriber Chatbot Exploiting Open‑Source.pdf:PDF},
  publisher    = {Springer Science and Business Media LLC},
}

@Misc{Vaswani2017,
  author    = {Vaswani, Ashish and Shazeer, Noam and Parmar, Niki and Uszkoreit, Jakob and Jones, Llion and Gomez, Aidan N. and Kaiser, Lukasz and Polosukhin, Illia},
  date      = {2017},
  title     = {Attention Is All You Need},
  doi       = {10.48550/ARXIV.1706.03762},
  copyright = {arXiv.org perpetual, non-exclusive license},
  file      = {:Attention is all you need.pdf:PDF},
  keywords  = {Computation and Language (cs.CL), Machine Learning (cs.LG), FOS: Computer and information sciences, FOS: Computer and information sciences},
  publisher = {arXiv},
}

@Online{Bach2024,
  author = {Bach, Stephan},
  date   = {2024-02-27},
  editor = {Snorkel},
  title  = {Large language model training: how three training phases shape LLMs},
  url    = {https://snorkel.ai/blog/large-language-model-training-three-phases-shape-llm-training/},
}

@Book{Databricks,
  author = {Databricks},
  title  = {A Compact Guide to Retrieval Augmented Generation (RAG)},
  file   = {:Databricks - A Compact Guide to RAG.pdf:PDF},
}

@Online{NST2024,
  author = {{Nomic Supercomputing Team}},
  date   = {2024-07-02},
  editor = {{NOMIC Blog}},
  title  = {Run LLMs on Any GPU: GPT4All Universal GPU Support},
  url    = {https://www.nomic.ai/blog/posts/gpt4all-gpu-inference-with-vulkan},
}

@Online{Lewis2024,
  author = {Lewis, Omar},
  date   = {2024-09-19},
  editor = {{USC VIterbi School Of Engineering}},
  title  = {From Blood Tests to Brain Scans: How AI is Revolutionizing Alzheimer’s Research},
  url    = {https://viterbischool.usc.edu/news/2024/09/from-blood-tests-to-brain-scans-how-ai-is-revolutionizing-alzheimers-research/},
}

@Online{Kinnear2024,
  author = {Kinnear, Cheree},
  date   = {2024-03-19},
  editor = {{The New Zealand Herald}},
  title  = {Focus: Burger King trials Artificial Intelligence drive-thru system in four Auckland restaurants},
  url    = {https://www.nzherald.co.nz/nz/focus-burger-king-trials-artificial-intelligence-drive-thru-system-in-four-auckland-restaurants/MZNR3GY5YVF7FGGAEZCXARS3QY/},
}

@Article{Steck2021,
  author       = {Steck, Harald and Baltrunas, Linas and Elahi, Ehtsham and Liang, Dawen and Raimond, Yves and Basilico, Justin},
  date         = {2021-09},
  journaltitle = {AI Magazine},
  title        = {Deep learning for recommender systems: A Netflix case study},
  doi          = {10.1609/aimag.v42i3.18140},
  issn         = {2371-9621},
  number       = {3},
  pages        = {7--18},
  volume       = {42},
  publisher    = {Wiley},
}

@Comment{jabref-meta: databaseType:biblatex;}
